% This file was created with JabRef 2.7b.
% Encoding: ISO8859_2
@Book{Wil,
  author = {Robert C. Martin},
	title = {Clean Code: A Handbook of Agile Software Craftsmanship},
  publisher = {Prentice Hall},
	year = {2009}
}

@Book{david,
  author = {David Flanagan},
	title = {JavaScript: The Definitive Guide},
  publisher = {O'Reilly Media, Inc.},
	year = {2011}
}

@Book{linux,
  author = {William E. Shotts, Jr},
	title = {The Linux Command Line: A Complete Introduction},
  publisher = {No Starch Press},
	year = {2012}
}

@booklet{Marcin,
title = {{React dokumentacja techniczna}},
author = {Facebook and community},
note = {\url{https://pl.reactjs.org/docs/getting-started.html} [dostęp dnia 12 listopada 2019]}
}

@booklet{mqtt,
title = {{mqttjs dokumentacja techniczna}},
author = {Adam Rudd and Matteo Collina and Maxime Agor and Siarhei Buntsevich},
note = {\url{https://github.com/mqttjs/MQTT.js#readme} [dostęp dnia 12 listopada 2019]}
}

@booklet{sqlite,
title = {{SQLite}},
author = {D. Richard Hipp},
note = {\url{https://www.sqlite.org/docs.html} [dostęp dnia 12 listopada 2019]}
}

@booklet{sqlitejs,
title = {{bliblioteka sqlite do nodejs}},
note = {\url{https://www.npmjs.com/package/sqlite3} [dostęp dnia 17 listopada 2019]}
}

@booklet{shelly,
title = {{Shelly API Reference}},
note = {\url{https://shelly-api-docs.shelly.cloud/#shelly1-shelly1pm} [dostęp dnia 18 listopada 2019]}
}

@booklet{express,
title = {{Express}},
author = {TJ Holowaychuk},
note = {\url{https://expressjs.com/en/api.html} [dostęp dnia 12 listopada 2019]}
}

@booklet{server,
title = {{Repozytorium serwera}},
note = {\url{https://github.com/Lodzio/HomeAutoBackend}}
}

@booklet{web,
title = {{Repozytorium strony internetowej}},
note = {\url{https://github.com/Lodzio/homeAutoWeb}}
}
